@misc{web:ethercat,
	author = "{The MathWorks Inc}",
	title = "{EtherCAT}",
	howpublished = "\url{http://nl.mathworks.com/help/xpc/ethercat.html}",
	note = "{Accessed: 2016-04-20}",
}

@misc{web:ethernet,
	author = "{The MathWorks Inc}",
	title = "{Ethernet}",
	howpublished = "\url{http://nl.mathworks.com/help/xpc/ethernet.html}",
	note = "{Accessed: 2016-04-21}",
}

@misc{web:ogre3d,
	author = "{Torus Knot Software Ltd}",
	title = "{Ogre3D}",
	howpublished = "\url{http://www.ogre3d.org/}",
	note = "{Accessed: 2016-04-22}",
}

@misc{web:env3d,
	author = "{Env3D}",
	title = "{Env3D}",
	howpublished = "\url{http://env3d.org/beta/}",
	note = "{Accessed: 2016-04-22}",
}

@misc{web:panda3d,
	author = "{Carnegie Mellon University }",
	title = "{Panda3D}",
	howpublished = "\url{https://www.panda3d.org/}",
	note = "{Accessed: 2016-04-22}",
}

@misc{web:UDPSend,
	author = "{The MathWorks Inc}",
	title = "{UDP Send}",
	howpublished = "\url{http://mathworks.com/help/instrument/udpsend.html}",
	note = "{Accessed: 2016-04-25}",
}
